<?xml version="1.0" encoding="UTF-8"?><collection xmlns="http://www.loc.gov/MARC21/slim"><record><leader>00481nam--2200169-i-4500</leader><controlfield tag="001">000003158</controlfield><controlfield tag="002">20161230</controlfield><controlfield tag="005">20161230201025</controlfield><controlfield tag="008">060222s1000------------r-----000-0-eng-d</controlfield><datafield ind1=" " ind2=" " tag="080"><subfield code="a">517.2/.3+517.9+513.83</subfield></datafield><datafield ind1=" " ind2=" " tag="100"><subfield code="a">Buck, R.Creighton</subfield></datafield><datafield ind1=" " ind2=" " tag="245"><subfield code="a">Advanced calculus</subfield></datafield><datafield ind1=" " ind2=" " tag="260"><subfield code="a">New York, Mcgraw-hill, 1956. Viii + 423 P</subfield></datafield><datafield ind1=" " ind2=" " tag="490"><subfield code="a">International Series In Pure And Applied Mathematics</subfield></datafield><datafield ind1=" " ind2=" " tag="700"><subfield code="a">R. Creighton Buck</subfield></datafield><datafield ind1=" " ind2=" " tag="852"><subfield code="a">12608</subfield><subfield code="c">517</subfield></datafield><datafield ind1=" " ind2=" " tag="CAT"><subfield code="a">Sys</subfield><subfield code="c">20080617</subfield><subfield code="h">114553</subfield></datafield></record></collection>